<?xml version="1.0" encoding="UTF-8"?><collection xmlns="http://www.loc.gov/MARC21/slim"><record><leader>00359nam--2200133-i-4500</leader><controlfield tag="001">000016197</controlfield><controlfield tag="002">20161230</controlfield><controlfield tag="005">20161230201031</controlfield><controlfield tag="008">060222s1000------------r-----000-0-eng-d</controlfield><datafield ind1=" " ind2=" " tag="080"><subfield code="a">51.7</subfield></datafield><datafield ind1=" " ind2=" " tag="100"><subfield code="a">Baule, Bernhard</subfield></datafield><datafield ind1=" " ind2=" " tag="245"><subfield code="a">Die mathematik des naturforschers und ingenieurs band 3: analytische geometrie</subfield></datafield><datafield ind1=" " ind2=" " tag="260"><subfield code="a">Leipzig, S.Hirzel Verlag</subfield></datafield><datafield ind1=" " ind2=" " tag="852"><subfield code="a">9176</subfield></datafield></record></collection>